@article{Farber2023,
  author    = {M. FÃ¤rber and L. Tampakis},
  title     = {Analyzing the Impact of Companies on AI Research Based on Publications},
  journal   = {CoRR},
  volume    = {abs/2310.20444},
  year      = {2023},
  doi       = {10.48550/ARXIV.2310.20444},
  url       = {https://arxiv.org/abs/2310.20444}
}

@article{Yue2024,
  author    = {D. I. Yue},
  title     = {Google: Estimating the Impact of Corporate Involvement on AI Research},
  journal   = {SSRN},
  year      = {2024},
  month     = {November 25},
  url       = {https://ssrn.com/abstract=5033334},
  doi       = {10.2139/ssrn.5033334}
}

@misc{GoogleScholar2025,
  author    = {{Google Scholar}},
  title     = {Top Publications - Computer Vision \& Pattern Recognition},
  year      = {2025},
  note      = {Retrieved February 10, 2025},
  url       = {https://scholar.google.com/citations?view_op=top_venues&hl=en&vq=eng_computervisionpatternrecognition}
}

@misc{PaperCopilot2025,
  author    = {{Paper Copilot}},
  title     = {Paper Lists},
  year      = {2025},
  note      = {Retrieved January 3, 2025},
  url       = {https://github.com/papercopilot/paperlists}
}

@misc{DunBradstreet,
  author    = {{Dun \& Bradstreet}},
  title     = {Business directory},
  year      = {n.d.},
  note      = {Retrieved February 1, 2025},
  url       = {https://www.dnb.com/business-directory.html}
}

@misc{arXivTaxonomy,
  author    = {{arXiv}},
  title     = {arXiv category taxonomy},
  year      = {n.d.},
  note      = {Retrieved February 1, 2025},
  url       = {https://arxiv.org/category_taxonomy}
}

@article{Gauthier2001,
  author    = {T. D. Gauthier},
  title     = {Detecting Trends Using Spearman's Rank Correlation Coefficient},
  journal   = {Environmental Forensics},
  volume    = {2},
  number    = {4},
  pages     = {359--362},
  year      = {2001},
  url       = {https://www.sciencedirect.com/science/article/pii/S1527592201900618},
  doi       = {10.1006/enfo.2001.0061}
}

@article{Yue2002,
  author    = {Sheng Yue and Paul Pilon and George Cavadias},
  title     = {Power of the Mann-Kendall and Spearman's Rho Tests For Detecting Monotonic Trends in Hydrological Series},
  journal   = {Journal of Hydrology},
  volume    = {259},
  pages     = {254--271},
  year      = {2002},
  doi       = {10.1016/S0022-1694(01)00594-7}
}

@article{Mann1947,
  author    = {H. B. Mann and D. R. Whitney},
  title     = {On a Test of Whether one of Two Random Variables is Stochastically Larger than the Other},
  journal   = {The Annals of Mathematical Statistics},
  volume    = {18},
  number    = {1},
  pages     = {50--60},
  year      = {1947},
  doi       = {10.1214/aoms/1177730491}
}
